<?xml version="1.0" encoding="UTF-8"?>
<record>
  <leader>02214nas a2200517#c 4500</leader>
  <controlfield tag="003">DE-605</controlfield>
  <controlfield tag="005">20250404214937.0</controlfield>
  <controlfield tag="007">cr||||||||||||</controlfield>
  <controlfield tag="008">150420c20139999gw a||p|o ||| 0||||1ger c</controlfield>
  <controlfield tag="001">990207565560206441</controlfield>
  <datafield tag="016" ind1="7" ind2=" ">
    <subfield code="a">2818430-0</subfield>
    <subfield code="2">DE-600</subfield>
  </datafield>
  <datafield tag="016" ind1="7" ind2=" ">
    <subfield code="a">1069776351</subfield>
    <subfield code="2">DE-101</subfield>
  </datafield>
  <datafield tag="024" ind1="7" ind2=" ">
    <subfield code="a">urn:nbn:de:hbz:061:3-44976</subfield>
    <subfield code="2">urn</subfield>
  </datafield>
  <datafield tag="035" ind1=" " ind2=" ">
    <subfield code="a">(DE-600)2818430-0</subfield>
  </datafield>
  <datafield tag="040" ind1=" " ind2=" ">
    <subfield code="a">0061</subfield>
    <subfield code="b">ger</subfield>
    <subfield code="c">DE-101</subfield>
    <subfield code="d">9999</subfield>
  </datafield>
  <datafield tag="041" ind1=" " ind2=" ">
    <subfield code="a">ger</subfield>
  </datafield>
  <datafield tag="044" ind1=" " ind2=" ">
    <subfield code="c">XA-DE</subfield>
  </datafield>
  <datafield tag="084" ind1=" " ind2=" ">
    <subfield code="a">Nordrhein-Westfalen</subfield>
    <subfield code="0">https://nwbib.de/spatial#N01</subfield>
    <subfield code="2">nwbib</subfield>
  </datafield>
  <datafield tag="084" ind1=" " ind2=" ">
    <subfield code="a">Lohn und Einkommen</subfield>
    <subfield code="0">https://nwbib.de/subjects#N543660</subfield>
    <subfield code="2">nwbib</subfield>
  </datafield>
  <datafield tag="084" ind1=" " ind2=" ">
    <subfield code="a">330</subfield>
    <subfield code="a">360</subfield>
    <subfield code="q">DE-600</subfield>
    <subfield code="2">sdnb</subfield>
  </datafield>
  <datafield tag="245" ind1="0" ind2="0">
    <subfield code="a">Tarifspiegel ...</subfield>
    <subfield code="b">tarifliche Grundvergütungen bis 10,36 € je Stunde in NRW</subfield>
    <subfield code="c">Ministerium für Arbeit, Integration und Soziales des Landes Nordrhein-Westfalen</subfield>
  </datafield>
  <datafield tag="247" ind1="0" ind2="0">
    <subfield code="a">tarifliche Grundvergütungen bis 8,50 € je Stunde in Nordrhein-Westfalen</subfield>
    <subfield code="f">Zusatz 2012 - 2013</subfield>
  </datafield>
  <datafield tag="264" ind1="3" ind2="1">
    <subfield code="a">Düsseldorf</subfield>
    <subfield code="b">[Verlag nicht ermittelbar]</subfield>
    <subfield code="c">2013-</subfield>
  </datafield>
  <datafield tag="300" ind1=" " ind2=" ">
    <subfield code="a">Online-Ressource</subfield>
  </datafield>
  <datafield tag="336" ind1=" " ind2=" ">
    <subfield code="b">txt</subfield>
  </datafield>
  <datafield tag="337" ind1=" " ind2=" ">
    <subfield code="b">c</subfield>
  </datafield>
  <datafield tag="338" ind1=" " ind2=" ">
    <subfield code="b">cr</subfield>
  </datafield>
  <datafield tag="362" ind1="0" ind2=" ">
    <subfield code="a">2012(2013) -</subfield>
  </datafield>
  <datafield tag="363" ind1="0" ind2="1">
    <subfield code="8">1.1\x</subfield>
    <subfield code="i">2012</subfield>
  </datafield>
  <datafield tag="689" ind1="0" ind2="0">
    <subfield code="a">Nordrhein-Westfalen</subfield>
    <subfield code="D">g</subfield>
    <subfield code="0">(DE-588)4042570-8</subfield>
    <subfield code="B">GND-040425703</subfield>
  </datafield>
  <datafield tag="689" ind1="0" ind2="1">
    <subfield code="a">Lohn</subfield>
    <subfield code="D">s</subfield>
    <subfield code="0">(DE-588)4036229-2</subfield>
    <subfield code="B">GND-040362299</subfield>
  </datafield>
  <datafield tag="689" ind1="0" ind2="2">
    <subfield code="a">Online-Publikation</subfield>
    <subfield code="A">f</subfield>
  </datafield>
  <datafield tag="689" ind1="0" ind2=" ">
    <subfield code="5">DE-61</subfield>
    <subfield code="5">DE-605</subfield>
  </datafield>
  <datafield tag="035" ind1=" " ind2=" ">
    <subfield code="a">(DE-599)ZDB2818430-0</subfield>
  </datafield>
  <datafield tag="035" ind1=" " ind2=" ">
    <subfield code="a">(OCoLC)1366394156</subfield>
  </datafield>
  <datafield tag="035" ind1=" " ind2=" ">
    <subfield code="a">oai:dnb.de/zdb/1069776351</subfield>
  </datafield>
  <datafield tag="035" ind1=" " ind2=" ">
    <subfield code="a">(DE-101)1069776351</subfield>
  </datafield>
  <datafield tag="960" ind1="1" ind2=" ">
    <subfield code="r">epfl-61</subfield>
  </datafield>
  <datafield tag="960" ind1="1" ind2=" ">
    <subfield code="n">NWBib-61</subfield>
  </datafield>
  <datafield tag="960" ind1="1" ind2=" ">
    <subfield code="z">lzZDB</subfield>
  </datafield>
  <datafield tag="856" ind1="4" ind2="0">
    <subfield code="u">https://nbn-resolving.org/urn:nbn:de:hbz:061:3-44976</subfield>
    <subfield code="x">Resolving-System</subfield>
  </datafield>
  <datafield tag="856" ind1="4" ind2=" ">
    <subfield code="u">https://broschueren.nordrheinwestfalendirekt.de/broschuerenservice/mais</subfield>
    <subfield code="x">Verlag</subfield>
    <subfield code="z">kostenfrei</subfield>
  </datafield>
  <datafield tag="710" ind1="1" ind2=" ">
    <subfield code="a">Nordrhein-Westfalen</subfield>
    <subfield code="b">Ministerium für Arbeit, Gesundheit und Soziales</subfield>
    <subfield code="0">(DE-588)1014927-2</subfield>
    <subfield code="4">isb</subfield>
    <subfield code="0">https://d-nb.info/gnd/004082893</subfield>
    <subfield code="0">http://viaf.org/viaf/266872361</subfield>
    <subfield code="B">GND-004082893</subfield>
  </datafield>
  <datafield tag="710" ind1="1" ind2=" ">
    <subfield code="a">Nordrhein-Westfalen</subfield>
    <subfield code="b">Ministerium für Arbeit, Integration und Soziales</subfield>
    <subfield code="0">(DE-588)16082567-2</subfield>
    <subfield code="4">isb</subfield>
    <subfield code="0">https://d-nb.info/gnd/1007091525</subfield>
    <subfield code="0">http://viaf.org/viaf/155521246</subfield>
    <subfield code="B">GND-1007091525</subfield>
  </datafield>
  <datafield tag="776" ind1="0" ind2="8">
    <subfield code="i">Erscheint auch als</subfield>
    <subfield code="n">Druck-Ausgabe</subfield>
    <subfield code="t">Tarifspiegel ...</subfield>
    <subfield code="d">Düsseldorf : Ministerium für Arbeit, Gesundheit u. Soziales d. Landes Nordrhein-Westfalen, 2008-</subfield>
    <subfield code="w">(DE-600)2489537-4</subfield>
  </datafield>
  <datafield tag="655" ind1=" " ind2="7">
    <subfield code="a">Zeitschrift</subfield>
    <subfield code="0">(DE-588)4067488-5</subfield>
    <subfield code="2">gnd-content</subfield>
  </datafield>
  <datafield tag="MBD" ind1=" " ind2=" ">
    <subfield code="M">49HBZ_NETWORK</subfield>
    <subfield code="i">990207565560206441</subfield>
    <subfield code="n">HBZ Network</subfield>
  </datafield>
  <datafield tag="MBD" ind1=" " ind2=" ">
    <subfield code="M">49HBZ_DUE</subfield>
    <subfield code="i">990035057350206443</subfield>
    <subfield code="n">Universität Düsseldorf</subfield>
  </datafield>
  <datafield tag="MNG" ind1=" " ind2=" ">
    <subfield code="c">System</subfield>
    <subfield code="f">HBZ</subfield>
    <subfield code="i">marc21</subfield>
    <subfield code="h">20250404214937.0</subfield>
    <subfield code="l">71</subfield>
    <subfield code="k">01</subfield>
    <subfield code="e">false</subfield>
    <subfield code="d">2025-12-12 18:24:50 Europe/Berlin</subfield>
    <subfield code="g">020756556-HBZ01</subfield>
    <subfield code="j">90</subfield>
    <subfield code="a">import</subfield>
    <subfield code="b">2021-04-05 12:26:08 Europe/Berlin</subfield>
  </datafield>
  <datafield tag="POR" ind1=" " ind2=" ">
    <subfield code="j">E-Pflicht VL</subfield>
    <subfield code="x">System</subfield>
    <subfield code="a">53942789450006441</subfield>
    <subfield code="M">49HBZ_NETWORK</subfield>
    <subfield code="p">61737809920006441</subfield>
    <subfield code="q">E-Pflicht - E-Pflicht ULB Düsseldorf (epfl-61)</subfield>
    <subfield code="c">static</subfield>
    <subfield code="B">Selektionskennzeichen: epfl-61
NZ Phase 1 – Wave 1: NZ-P2E</subfield>
    <subfield code="A">49HBZ_DUE</subfield>
    <subfield code="A">49HBZ_ULB</subfield>
    <subfield code="A">49HBZ_UBO</subfield>
    <subfield code="y">2025-11-27 17:41:32 Europe/Berlin</subfield>
    <subfield code="w">2025-11-27 17:41:27 Europe/Berlin</subfield>
    <subfield code="D">https://eu04.alma.exlibrisgroup.com/view/uresolver/49HBZ_NETWORK/openurl?u.ignore_date_coverage=true&amp;portfolio_pid=53942789450006441&amp;Force_direct=true</subfield>
    <subfield code="v">System</subfield>
    <subfield code="z">2025-11-27 16:41:27</subfield>
    <subfield code="i">false</subfield>
    <subfield code="S">62737809910006441</subfield>
    <subfield code="d">https://hbz-network.userservices.exlibrisgroup.com/view/uresolver/49HBZ_NETWORK/openurl?u.ignore_date_coverage=true&amp;rft.mms_id=990207565560206441</subfield>
    <subfield code="b">Available</subfield>
    <subfield code="f">BOOK</subfield>
    <subfield code="e">https://nbn-resolving.org/urn:nbn:de:hbz:061:3-44976</subfield>
    <subfield code="8">53942789450006441</subfield>
  </datafield>
  <datafield tag="POR" ind1=" " ind2=" ">
    <subfield code="j">E-Pflicht VL</subfield>
    <subfield code="x">System</subfield>
    <subfield code="a">53942789430006441</subfield>
    <subfield code="M">49HBZ_NETWORK</subfield>
    <subfield code="p">61737809920006441</subfield>
    <subfield code="q">E-Pflicht - E-Pflicht ULB Düsseldorf (epfl-61)</subfield>
    <subfield code="c">static</subfield>
    <subfield code="B">Selektionskennzeichen: epfl-61
NZ Phase 1 – Wave 1: NZ-P2E</subfield>
    <subfield code="A">49HBZ_DUE</subfield>
    <subfield code="A">49HBZ_ULB</subfield>
    <subfield code="A">49HBZ_UBO</subfield>
    <subfield code="y">2025-11-27 17:41:32 Europe/Berlin</subfield>
    <subfield code="w">2025-11-27 17:41:27 Europe/Berlin</subfield>
    <subfield code="D">https://eu04.alma.exlibrisgroup.com/view/uresolver/49HBZ_NETWORK/openurl?u.ignore_date_coverage=true&amp;portfolio_pid=53942789430006441&amp;Force_direct=true</subfield>
    <subfield code="v">System</subfield>
    <subfield code="z">2025-11-27 16:41:27</subfield>
    <subfield code="i">false</subfield>
    <subfield code="S">62737809910006441</subfield>
    <subfield code="d">https://hbz-network.userservices.exlibrisgroup.com/view/uresolver/49HBZ_NETWORK/openurl?u.ignore_date_coverage=true&amp;rft.mms_id=990207565560206441</subfield>
    <subfield code="b">Available</subfield>
    <subfield code="f">BOOK</subfield>
    <subfield code="e">https://broschueren.nordrheinwestfalendirekt.de/broschuerenservice/mais</subfield>
    <subfield code="8">53942789430006441</subfield>
  </datafield>
  <datafield tag="POR" ind1=" " ind2=" ">
    <subfield code="j">LIzenzfreie Zeitschriften</subfield>
    <subfield code="x">System</subfield>
    <subfield code="a">53951288680006441</subfield>
    <subfield code="M">49HBZ_NETWORK</subfield>
    <subfield code="p">61738769100006441</subfield>
    <subfield code="q">Lizenzfreie Zeitschriften - Lizenzfreie E-Ressourcen der ZDB (lzzdb)</subfield>
    <subfield code="c">static</subfield>
    <subfield code="B">Selektionskennzeichen: lzzdb
NZ Phase 1 – Wave 1: NZ-P2E</subfield>
    <subfield code="A">49HBZ_DUE</subfield>
    <subfield code="A">49HBZ_ULB</subfield>
    <subfield code="A">49HBZ_UDE</subfield>
    <subfield code="A">49HBZ_UBK</subfield>
    <subfield code="y">2025-12-12 18:25:03 Europe/Berlin</subfield>
    <subfield code="w">2025-12-12 18:25:00 Europe/Berlin</subfield>
    <subfield code="D">https://eu04.alma.exlibrisgroup.com/view/uresolver/49HBZ_NETWORK/openurl?u.ignore_date_coverage=true&amp;portfolio_pid=53951288680006441&amp;Force_direct=true</subfield>
    <subfield code="v">System</subfield>
    <subfield code="z">2025-12-12 17:25:00</subfield>
    <subfield code="i">false</subfield>
    <subfield code="S">62738769090006441</subfield>
    <subfield code="d">https://hbz-network.userservices.exlibrisgroup.com/view/uresolver/49HBZ_NETWORK/openurl?u.ignore_date_coverage=true&amp;rft.mms_id=990207565560206441</subfield>
    <subfield code="b">Available</subfield>
    <subfield code="f">JOURNAL</subfield>
    <subfield code="e">https://broschueren.nordrheinwestfalendirekt.de/broschuerenservice/mais</subfield>
    <subfield code="8">53951288680006441</subfield>
  </datafield>
  <datafield tag="GKT" ind1="2" ind2=" ">
    <subfield code="a">Ministerium für Arbeit, Integration und Soziales</subfield>
    <subfield code="g">Nordrhein-Westfalen</subfield>
    <subfield code="A">GND</subfield>
    <subfield code="B">GND-1007091525</subfield>
    <subfield code="C">410</subfield>
  </datafield>
  <datafield tag="GKT" ind1="2" ind2=" ">
    <subfield code="a">Ministerium für Arbeit, Integration und Soziales des Landes Nordrhein-Westfalen</subfield>
    <subfield code="4">nauv</subfield>
    <subfield code="4">http://d-nb.info/standards/elementset/gnd#variantName</subfield>
    <subfield code="w">r</subfield>
    <subfield code="i">Unveraenderte Form</subfield>
    <subfield code="e">Unveraenderte Form</subfield>
    <subfield code="A">GND</subfield>
    <subfield code="B">GND-1007091525</subfield>
    <subfield code="C">410</subfield>
  </datafield>
  <datafield tag="GSI" ind1="7" ind2=" ">
    <subfield code="a">http://d-nb.info/gnd/16082567-2</subfield>
    <subfield code="2">uri</subfield>
    <subfield code="A">GND</subfield>
    <subfield code="B">GND-1007091525</subfield>
    <subfield code="C">024</subfield>
  </datafield>
  <datafield tag="GKT" ind1="2" ind2=" ">
    <subfield code="a">Ministerium für Arbeit, Gesundheit und Soziales des Landes Nordrhein-Westfalen</subfield>
    <subfield code="4">nauv</subfield>
    <subfield code="i">Unveraenderte Form</subfield>
    <subfield code="A">GND</subfield>
    <subfield code="B">GND-004082893</subfield>
    <subfield code="C">410</subfield>
  </datafield>
  <datafield tag="GKT" ind1="1" ind2=" ">
    <subfield code="a">Nordrhein-Westfalen</subfield>
    <subfield code="b">Arbeits-, Gesundheits- und Sozialminister</subfield>
    <subfield code="A">GND</subfield>
    <subfield code="B">GND-004082893</subfield>
    <subfield code="C">410</subfield>
  </datafield>
  <datafield tag="GKT" ind1="1" ind2=" ">
    <subfield code="a">Nordrhein-Westfalen</subfield>
    <subfield code="b">Minister für Arbeit, Gesundheit und Soziales</subfield>
    <subfield code="A">GND</subfield>
    <subfield code="B">GND-004082893</subfield>
    <subfield code="C">410</subfield>
  </datafield>
  <datafield tag="GKT" ind1="1" ind2=" ">
    <subfield code="a">Nordrhein-Westfalen</subfield>
    <subfield code="b">Hypurgeion Ergasias kai Koinōnikōn Hypēresiōn</subfield>
    <subfield code="A">GND</subfield>
    <subfield code="B">GND-004082893</subfield>
    <subfield code="C">410</subfield>
  </datafield>
  <datafield tag="GKT" ind1="1" ind2=" ">
    <subfield code="a">Nordrhein-Westfalen</subfield>
    <subfield code="b">Çalişma Sağlık ve Sosyal Işler Bakanlığı</subfield>
    <subfield code="A">GND</subfield>
    <subfield code="B">GND-004082893</subfield>
    <subfield code="C">410</subfield>
  </datafield>
  <datafield tag="GKT" ind1="1" ind2=" ">
    <subfield code="a">Nordrhein-Westfalen</subfield>
    <subfield code="b">Ministerio de Trabajo, Sanidad y Sociales</subfield>
    <subfield code="A">GND</subfield>
    <subfield code="B">GND-004082893</subfield>
    <subfield code="C">410</subfield>
  </datafield>
  <datafield tag="GKT" ind1="1" ind2=" ">
    <subfield code="a">Nordrhein-Westfalen</subfield>
    <subfield code="b">Ministarstvo rada, zdravstva i socijalnog</subfield>
    <subfield code="A">GND</subfield>
    <subfield code="B">GND-004082893</subfield>
    <subfield code="C">410</subfield>
  </datafield>
  <datafield tag="GKT" ind1="1" ind2=" ">
    <subfield code="a">Nordrhein-Westfalen</subfield>
    <subfield code="b">Ministério do Trabalho</subfield>
    <subfield code="A">GND</subfield>
    <subfield code="B">GND-004082893</subfield>
    <subfield code="C">410</subfield>
  </datafield>
  <datafield tag="GKT" ind1="1" ind2=" ">
    <subfield code="a">Nordrhein-Westfalen</subfield>
    <subfield code="b">Ministero del lavoro, della sanità e degli affari sociali</subfield>
    <subfield code="A">GND</subfield>
    <subfield code="B">GND-004082893</subfield>
    <subfield code="C">410</subfield>
  </datafield>
  <datafield tag="GKT" ind1="1" ind2=" ">
    <subfield code="a">Nordrhein-Westfalen</subfield>
    <subfield code="b">Ministry of Work, Health and Social Affairs</subfield>
    <subfield code="A">GND</subfield>
    <subfield code="B">GND-004082893</subfield>
    <subfield code="C">410</subfield>
  </datafield>
  <datafield tag="GKT" ind1="1" ind2=" ">
    <subfield code="a">Nordrhein-Westfalen</subfield>
    <subfield code="b">Ministerul Pentru Muncă, Sănătate şi Asistenţă Aocială</subfield>
    <subfield code="A">GND</subfield>
    <subfield code="B">GND-004082893</subfield>
    <subfield code="C">410</subfield>
  </datafield>
  <datafield tag="GKT" ind1="2" ind2=" ">
    <subfield code="a">Minister für Arbeit, Gesundheit und Soziales</subfield>
    <subfield code="g">Nordrhein-Westfalen</subfield>
    <subfield code="A">GND</subfield>
    <subfield code="B">GND-004082893</subfield>
    <subfield code="C">410</subfield>
  </datafield>
  <datafield tag="GKT" ind1="2" ind2=" ">
    <subfield code="a">Minister für Arbeit, Gesundheit und Soziales des Landes Nordrhein-Westfalen</subfield>
    <subfield code="A">GND</subfield>
    <subfield code="B">GND-004082893</subfield>
    <subfield code="C">410</subfield>
  </datafield>
  <datafield tag="GKT" ind1="2" ind2=" ">
    <subfield code="a">Ministerium für Arbeit, Gesundheit und Soziales</subfield>
    <subfield code="g">Nordrhein-Westfalen</subfield>
    <subfield code="A">GND</subfield>
    <subfield code="B">GND-004082893</subfield>
    <subfield code="C">410</subfield>
  </datafield>
  <datafield tag="GKT" ind1="2" ind2=" ">
    <subfield code="a">Hypurgeion Ergasias kai Koinōnikōn Hypēresiōn</subfield>
    <subfield code="g">Nordrhein-Westfalen</subfield>
    <subfield code="A">GND</subfield>
    <subfield code="B">GND-004082893</subfield>
    <subfield code="C">410</subfield>
  </datafield>
  <datafield tag="GKT" ind1="2" ind2=" ">
    <subfield code="a">Çalişma Sağlık ve Sosyal Işler Bakanlığı</subfield>
    <subfield code="g">Nordrhein-Westfalen</subfield>
    <subfield code="A">GND</subfield>
    <subfield code="B">GND-004082893</subfield>
    <subfield code="C">410</subfield>
  </datafield>
  <datafield tag="GKT" ind1="2" ind2=" ">
    <subfield code="a">Ministerul Pentru Muncă, Sănătate şi Asistenţă Socială al Landului Renania de Nord-Westfalia</subfield>
    <subfield code="A">GND</subfield>
    <subfield code="B">GND-004082893</subfield>
    <subfield code="C">410</subfield>
  </datafield>
  <datafield tag="GKT" ind1="2" ind2=" ">
    <subfield code="a">Ministry of Work, Health and Social Affairs of the State of North Rhine-Westphalia</subfield>
    <subfield code="A">GND</subfield>
    <subfield code="B">GND-004082893</subfield>
    <subfield code="C">410</subfield>
  </datafield>
  <datafield tag="GKT" ind1="2" ind2=" ">
    <subfield code="a">Ministerio de Trabajo, Sanidad y Sociales</subfield>
    <subfield code="g">Nordrhein-Westfalen</subfield>
    <subfield code="A">GND</subfield>
    <subfield code="B">GND-004082893</subfield>
    <subfield code="C">410</subfield>
  </datafield>
  <datafield tag="GKT" ind1="2" ind2=" ">
    <subfield code="a">Ministarstvo rada, zdravstva i socijalnog</subfield>
    <subfield code="g">Nordrhein-Westfalen</subfield>
    <subfield code="A">GND</subfield>
    <subfield code="B">GND-004082893</subfield>
    <subfield code="C">410</subfield>
  </datafield>
  <datafield tag="GKT" ind1="2" ind2=" ">
    <subfield code="a">Ministério do Trabalho</subfield>
    <subfield code="g">Nordrhein-Westfalen</subfield>
    <subfield code="A">GND</subfield>
    <subfield code="B">GND-004082893</subfield>
    <subfield code="C">410</subfield>
  </datafield>
  <datafield tag="GKT" ind1="2" ind2=" ">
    <subfield code="a">Ministero del lavoro, della sanità e degli affari sociali</subfield>
    <subfield code="g">Nordrhein-Westfalen</subfield>
    <subfield code="A">GND</subfield>
    <subfield code="B">GND-004082893</subfield>
    <subfield code="C">410</subfield>
  </datafield>
  <datafield tag="GKT" ind1="1" ind2=" ">
    <subfield code="a">Nordrhein-Westfalen</subfield>
    <subfield code="b">Ministerium für Arbeit, Gesundheit und Soziales</subfield>
    <subfield code="b">Projektgruppe Gefährdungsbeurteilung</subfield>
    <subfield code="4">spio</subfield>
    <subfield code="i">Spitzenorgan</subfield>
    <subfield code="A">GND</subfield>
    <subfield code="B">GND-004082893</subfield>
    <subfield code="C">410</subfield>
  </datafield>
  <datafield tag="GKT" ind1="1" ind2=" ">
    <subfield code="a">Nordrhein-Westfalen</subfield>
    <subfield code="b">Ministerium für Arbeit, Gesundheit und Soziales</subfield>
    <subfield code="b">Arbeitsschutzverwaltung</subfield>
    <subfield code="4">spio</subfield>
    <subfield code="i">Spitzenorgan</subfield>
    <subfield code="A">GND</subfield>
    <subfield code="B">GND-004082893</subfield>
    <subfield code="C">410</subfield>
  </datafield>
  <datafield tag="GKT" ind1="1" ind2=" ">
    <subfield code="a">Nordrhein-Westfalen</subfield>
    <subfield code="b">Ministerium für Arbeit, Gesundheit und Soziales</subfield>
    <subfield code="b">Referat Arbeitsmarktpolitik, Berufsbildung, Forschung</subfield>
    <subfield code="4">spio</subfield>
    <subfield code="i">Spitzenorgan</subfield>
    <subfield code="A">GND</subfield>
    <subfield code="B">GND-004082893</subfield>
    <subfield code="C">410</subfield>
  </datafield>
  <datafield tag="GKT" ind1="1" ind2=" ">
    <subfield code="a">Nordrhein-Westfalen</subfield>
    <subfield code="b">Ministerium für Arbeit, Gesundheit und Soziales</subfield>
    <subfield code="b">Gewerbeaufsicht</subfield>
    <subfield code="4">spio</subfield>
    <subfield code="i">Spitzenorgan</subfield>
    <subfield code="A">GND</subfield>
    <subfield code="B">GND-004082893</subfield>
    <subfield code="C">410</subfield>
  </datafield>
  <datafield tag="GKT" ind1="1" ind2=" ">
    <subfield code="a">Nordrhein-Westfalen</subfield>
    <subfield code="b">Ministerium für Arbeit, Gesundheit und Soziales</subfield>
    <subfield code="b">Gewerbeaufsichtsverwaltung</subfield>
    <subfield code="4">spio</subfield>
    <subfield code="i">Spitzenorgan</subfield>
    <subfield code="A">GND</subfield>
    <subfield code="B">GND-004082893</subfield>
    <subfield code="C">410</subfield>
  </datafield>
  <datafield tag="GKT" ind1="2" ind2=" ">
    <subfield code="a">MAGS</subfield>
    <subfield code="4">abku</subfield>
    <subfield code="i">Abkuerzung</subfield>
    <subfield code="A">GND</subfield>
    <subfield code="B">GND-004082893</subfield>
    <subfield code="C">410</subfield>
  </datafield>
  <datafield tag="GKT" ind1="2" ind2=" ">
    <subfield code="a">MAGS NRW</subfield>
    <subfield code="4">abku</subfield>
    <subfield code="i">Abkuerzung</subfield>
    <subfield code="A">GND</subfield>
    <subfield code="B">GND-004082893</subfield>
    <subfield code="C">410</subfield>
  </datafield>
  <datafield tag="GSI" ind1="7" ind2=" ">
    <subfield code="a">1014927-2</subfield>
    <subfield code="0">http://d-nb.info/gnd/1014927-2</subfield>
    <subfield code="2">gnd</subfield>
    <subfield code="A">GND</subfield>
    <subfield code="B">GND-004082893</subfield>
    <subfield code="C">024</subfield>
  </datafield>
  <datafield tag="GST" ind1=" " ind2=" ">
    <subfield code="a">Arbeitseinkommen</subfield>
    <subfield code="g">Lohn</subfield>
    <subfield code="A">GND</subfield>
    <subfield code="B">GND-040362299</subfield>
    <subfield code="C">450</subfield>
  </datafield>
  <datafield tag="GST" ind1=" " ind2=" ">
    <subfield code="a">Arbeitslohn</subfield>
    <subfield code="A">GND</subfield>
    <subfield code="B">GND-040362299</subfield>
    <subfield code="C">450</subfield>
  </datafield>
  <datafield tag="GST" ind1=" " ind2=" ">
    <subfield code="a">Entlohnung</subfield>
    <subfield code="A">GND</subfield>
    <subfield code="B">GND-040362299</subfield>
    <subfield code="C">450</subfield>
  </datafield>
  <datafield tag="GSI" ind1="7" ind2=" ">
    <subfield code="a">4036229-2</subfield>
    <subfield code="0">http://d-nb.info/gnd/4036229-2</subfield>
    <subfield code="2">gnd</subfield>
    <subfield code="A">GND</subfield>
    <subfield code="B">GND-040362299</subfield>
    <subfield code="C">024</subfield>
  </datafield>
  <datafield tag="GSI" ind1="7" ind2=" ">
    <subfield code="a">4042570-8</subfield>
    <subfield code="0">http://d-nb.info/gnd/4042570-8</subfield>
    <subfield code="2">gnd</subfield>
    <subfield code="A">GND</subfield>
    <subfield code="B">GND-040425703</subfield>
    <subfield code="C">024</subfield>
  </datafield>
  <datafield tag="GSI" ind1="7" ind2=" ">
    <subfield code="a">Q1198</subfield>
    <subfield code="2">wikidata</subfield>
    <subfield code="A">GND</subfield>
    <subfield code="B">GND-040425703</subfield>
    <subfield code="C">024</subfield>
  </datafield>
  <datafield tag="GSI" ind1="7" ind2=" ">
    <subfield code="a">2861876</subfield>
    <subfield code="2">geonames</subfield>
    <subfield code="A">GND</subfield>
    <subfield code="B">GND-040425703</subfield>
    <subfield code="C">024</subfield>
  </datafield>
  <datafield tag="GSI" ind1="7" ind2=" ">
    <subfield code="a">relation/62761</subfield>
    <subfield code="2">opensm</subfield>
    <subfield code="A">GND</subfield>
    <subfield code="B">GND-040425703</subfield>
    <subfield code="C">024</subfield>
  </datafield>
  <datafield tag="GGN" ind1=" " ind2=" ">
    <subfield code="a">Nord-Westphalie</subfield>
    <subfield code="A">GND</subfield>
    <subfield code="B">GND-040425703</subfield>
    <subfield code="C">451</subfield>
  </datafield>
  <datafield tag="GGN" ind1=" " ind2=" ">
    <subfield code="a">Norte-Westfalia</subfield>
    <subfield code="A">GND</subfield>
    <subfield code="B">GND-040425703</subfield>
    <subfield code="C">451</subfield>
  </datafield>
  <datafield tag="GGN" ind1=" " ind2=" ">
    <subfield code="a">NRW</subfield>
    <subfield code="4">abku</subfield>
    <subfield code="i">Abkuerzung</subfield>
    <subfield code="A">GND</subfield>
    <subfield code="B">GND-040425703</subfield>
    <subfield code="C">451</subfield>
  </datafield>
  <datafield tag="GGN" ind1=" " ind2=" ">
    <subfield code="a">North Rhine-Westphalia</subfield>
    <subfield code="A">GND</subfield>
    <subfield code="B">GND-040425703</subfield>
    <subfield code="C">451</subfield>
  </datafield>
  <datafield tag="GGN" ind1=" " ind2=" ">
    <subfield code="a">NW</subfield>
    <subfield code="4">abku</subfield>
    <subfield code="i">Abkuerzung</subfield>
    <subfield code="A">GND</subfield>
    <subfield code="B">GND-040425703</subfield>
    <subfield code="C">451</subfield>
  </datafield>
  <datafield tag="GGN" ind1=" " ind2=" ">
    <subfield code="a">Noordrijn-Westfalen</subfield>
    <subfield code="A">GND</subfield>
    <subfield code="B">GND-040425703</subfield>
    <subfield code="C">451</subfield>
  </datafield>
  <datafield tag="GGN" ind1=" " ind2=" ">
    <subfield code="a">North-Rhine/Westphalia</subfield>
    <subfield code="A">GND</subfield>
    <subfield code="B">GND-040425703</subfield>
    <subfield code="C">451</subfield>
  </datafield>
  <datafield tag="GGN" ind1=" " ind2=" ">
    <subfield code="a">Land Nordrhein-Westfalen</subfield>
    <subfield code="4">nauv</subfield>
    <subfield code="i">Unveraenderte Form</subfield>
    <subfield code="A">GND</subfield>
    <subfield code="B">GND-040425703</subfield>
    <subfield code="C">451</subfield>
  </datafield>
</record>
